<?xml version="1.0" encoding="UTF-8"?><record xmlns="http://www.loc.gov/MARC21/slim" xmlns:cinclude="http://apache.org/cocoon/include/1.0" xmlns:zs="http://www.loc.gov/zing/srw/">
  <leader>00663nz  a2200169n  4500</leader>
  <controlfield tag="001">no2006117296</controlfield>
  <controlfield tag="003">DLC</controlfield>
  <controlfield tag="005">20061104075100.0</controlfield>
  <controlfield tag="008">061102n| acannaabn          |a aaa     c</controlfield>
  <datafield tag="010" ind1=" " ind2=" ">
    <subfield code="a">no2006117296</subfield>
  </datafield>
  <datafield tag="035" ind1=" " ind2=" ">
    <subfield code="a">(OCoLC)oca07097220</subfield>
  </datafield>
  <datafield tag="040" ind1=" " ind2=" ">
    <subfield code="a">CtY-Mus</subfield>
    <subfield code="b">eng</subfield>
    <subfield code="c">CtY-Mus</subfield>
  </datafield>
  <datafield tag="100" ind1="1" ind2=" ">
    <subfield code="a">Buckley, Linda,</subfield>
    <subfield code="d">1979-</subfield>
  </datafield>
  <datafield tag="400" ind1="1" ind2=" ">
    <subfield code="a">Buckey, Linda,</subfield>
    <subfield code="d">1979-</subfield>
  </datafield>
  <datafield tag="670" ind1=" " ind2=" ">
    <subfield code="a">Buckley, L. Bobeobi, 2005?:</subfield>
    <subfield code="b">t.p. (Linda Buckley; b. 1979) prelim. p. iv (composer from Ireland)</subfield>
  </datafield>
  <datafield tag="670" ind1=" " ind2=" ">
    <subfield code="a">Buckley, L. Moonsick, 2005?:</subfield>
    <subfield code="b">t.p. (Linda Buckey) prelim. p. ii (Linda Buckey) caption (Linda Buckley)</subfield>
  </datafield>
  <datafield tag="670" ind1=" " ind2=" ">
    <subfield code="a">The Contemporary Music Centre Ireland WWW site, Nov. 2, 2006</subfield>
    <subfield code="b">(Linda Buckley; b. 1979)</subfield>
  </datafield>
</record>